
@Book{1,
    author = "G.~Darboux",
    title = "Leçon sur la théorie générale des surfaces",
    publisher = "Paris, Gauthier-Villars",
    year = "I, 1887; II, 1889; III, 1894"
}
